@article{02291_slides,
  title={Slides from 02291 System Integration},
  author={Hubert Baumeister},
  year={2015},
  publisher={DTU Compute}
}


